@article{sanh2019distilbert,
  title={DistilBERT, a distilled version of BERT: smaller, faster, cheaper and lighter},
  author={Sanh, Victor and Debut, Lysandre and Chaumond, Julien and Wolf, Thomas},
  journal={arXiv preprint arXiv:1910.01108},
  year={2019}
}
@article{logisticregressionsolution,
  title={Classifying multi-label comments with Logistic Regression},
  author={HOON BENG},
  journal={https://www.kaggle.com/rhodiumbeng/classifying-multi-label-comments-0-9741-lb},
  year={2018}
}
@article{Forkofensemble_3_blend,
  title={Fork of ensemble\_3\_blend},
  author={AMIR ASHRAFF},
  journal={https://www.kaggle.com/amir78pgd/fork-of-ensemble-3-blend},
  year={2019}
}
@article{Bi-GRU-LSTMDualEmbedding,
  title={Bi-GRU-LSTM Dual Embedding New Test Cleaned 5},
  author={BOJAN TUNGUZ},
  journal={https://www.kaggle.com/tunguz/bi-gru-lstm-dual-embedding-new-test-cleaned-5},
  year={2019}
}
@article{ToxicCommentOnelabel,
  title={Toxic Comment Classification},
  author={SMU Data Science Review, Sara Zaheri, Jeff Leath, David Stroud},
  journal={Southern Methodist University, 6425 Boaz Lane, Dallas, Texas 75205 {szaheri, jleath, jdstroud} @smu.edu},
  year={2020}
}
@article{jayspeidellToxicCommentClassification,
  title={ToxicCommentClassification-},
  author={ Jay Speidell},
  journal={https://github.com/jayspeidell/ToxicComment Classification-/blob/master/Report.pdf},
  year={2018}
}
@article{competitiontoxic,
  title={Toxic Comment Classification Challenge},
  author={Jigsaw/Conversation AI},
  journal={https://www.kaggle.com/c/jigsaw-toxic-comment-classification-challenge/overview/description},
  year={2018}
}
@article{SchmidtandWiegand,
  title={A Survey on Hate Speech Detection using Natural Language Processing},
  author={Anna Schmidt, Michael Wiegand},
  journal={https://aclanthology.org/W17-1101/},
  year={2017}
}
@article{RossHuang,
  title={Detecting Online Hate Speech Using Context Aware Models},
  author={Lei Gao, Ruihong Huang},
  journal={https://www.researchgate.net/publication/ 320564386\_Detecting\_Online\_Hate\_Speech\_Using \_Context\_Aware\_Models},
  year={2017}
}
@article{ROCCurvesImbalancedClassification,
  title={ROC Curves and Precision-Recall Curves for Imbalanced Classification},
  author={Jason Brownlee },
  journal={https://machinelearningmastery.com/roc-curves-and-precision-recall-curves-for-imbalanced-classification/},
  year={2020}
}
@article{MetricsforImbalanced,
  title={Tour of Evaluation Metrics for Imbalanced Classification},
  author={Jason Brownle},
  journal={https://machinelearningmastery.com/tour-of-evaluation-metrics-for-imbalanced-classification/},
  year={2020}
}
@article{HateSpeechDetection,
  title={Transfer Learning for Hate Speech Detection in Social Media},
  author={Marian-Andrei Rizoiu and Tianyu Wang, Gabriela Ferraro and Hanna Suominen},
  journal={https://arxiv.org/pdf/1906.03829.pdf},
  year={2019}
}
@article{OnlineHarassmentResearch,
  title={A Large Human-Labeled Corpus for Online Harassment Research},
  author={Jennifer Golbeck, Zahra Ashktorab, Rashad O. Banjo, Alexandra Berlinger, Siddharth Bhagwan,
Cody Buntain, Paul Cheakalos, Alicia A Geller, Quint Gergory, Rajesh Kumar Gnanasekaran,
Raja Rajan Gunasekaran, Kelly M. Hoffman, Jenny Hottle, Vichita Jienjitlert, Shivika Khare,
Ryan Lau, Marianna J. Martindale, Shalmali Naik, Heather L, Nixon, Piyush Ramachandran,
Kristine M. Rogers, Lisa Rogers, Meghna Sardana Sarin, Gaurav Shahane, Jayanee Thanki,
Priyanka Vengataraman, Zijian Wan, Derek Michael Wu},
  journal={http://www.cs.umd.edu/~golbeck/papers/trolling.pdf},
  year={2017}
}

@article{KaggleSOTA,
  title={Kaggle Toxic Comment Classification Challenge 1st place},
  author={Chun Ming Lee},
  journal={https://www.kaggle.com/c/jigsaw-toxic-comment-classification-challenge/discussion/52557}
}

@article{gallicchio2017deep,
  title={Deep echo state network (deepesn): A brief survey},
  author={Gallicchio, Claudio and Micheli, Alessio},
  journal={arXiv preprint arXiv:1712.04323},
  year={2017}
}

@article{mnb,
  title={Multinomial Naive Bayes},
  author={scikit-learn},
  journal={https://scikit-learn.org/stable/modules/
  naive_bayes.html#multinomial-naive-bayes}
}

@article{lsvc,
  title={Linear Support Vector Classifier},
  author={scikit-learn},
  journal={https://scikit-learn.org/stable/modules/generated/
  sklearn.svm.LinearSVC.html#sklearn-svm-linearsvc}
}
@article{datasetkaggle,
  title={Toxic Comment Classification Challenge: Data Description},
  author={Jigsaw/Conversation AI},
  journal={https://www.kaggle.com/c/jigsaw-toxic-comment-classification-challenge/data}
}
@article{LogisticRegression,
  title={Logistic Regression},
  author={Thomas W. Edgar, David O. Manz, in Research Methods for Cyber Security},
  journal={https://www.sciencedirect.com/topics/computer-science/logistic-regression},
  year={2017}
}
@article{KNearestNeightbours,
  title={K-Nearest Neightbours},
  author={Padraig Cunningham, Sarah Jane Delany},
  journal={https://www.researchgate.net/publication/228686398_k-Nearest_neighbour_classifiers},
  publisher = {University College Dublin},
  year={2007}
}
@article{Multilayer,
  title={Artificial intelligence: a modern approach.},
  author={Stuart Russell and Peter Norvig},
  journal={https://www.cin.ufpe.br/~tfl2/artificial-intelligence-modern-approach.9780131038059.25368.pdf},
  publisher = {Prentice Hall, Englewood},
  year={2002}
}



